@book{num_algorithms,
author = {Solomon, Justin},
title = {Numerical Algorithms: Methods for Computer Vision, Machine Learning, and Graphics},
year = {2015},
isbn = {1482251884},
publisher = {A. K. Peters, Ltd.},
address = {USA}
}

@book{Ye-Luenberger,
author = {Luenberger, David G. and Ye, Yinyu},
title = {Linear and Nonlinear Programming},
year = {2015},
isbn = {3319188410},
publisher = {Springer Publishing Company, Incorporated}
}